
@article{yedjou2019,
	title = {Health and Racial Disparity in Breast Cancer},
	author = {Yedjou, Clement G. and Sims, Jennifer N. and Miele, Lucio and Noubissi, Felicite and Lowe, Leroy and Fonseca, Duber D. and Alo, Richard A. and Payton, Marinelle and Tchounwou, Paul B.},
	year = {2019},
	date = {2019},
	journal = {Advances in experimental medicine and biology},
	pages = {31--49},
	volume = {1152},
	doi = {10.1007/978-3-030-20301-6_3},
	url = {https://www.ncbi.nlm.nih.gov/pmc/articles/PMC6941147/},
	note = {PMID: 31456178
PMCID: PMC6941147}
}

@article{mateo2021,
	title = {Racism: a fundamental driver of racial disparities in health-care quality},
	author = {Mateo, Camila M. and Williams, David R.},
	year = {2021},
	month = {03},
	date = {2021-03-11},
	journal = {Nature Reviews Disease Primers},
	pages = {1--2},
	volume = {7},
	number = {1},
	doi = {10.1038/s41572-021-00258-1},
	url = {https://www.nature.com/articles/s41572-021-00258-1},
	note = {Publisher: Nature Publishing Group},
	langid = {en}
}
