
@article{Giebel2024,
	title = {Community-based mental health interventions in low- and middle-income countries: a qualitative study with international experts},
	author = {Giebel, Clarissa and Gabbay, Mark and Shrestha, Nipun and Saldarriaga, Gabriel and Reilly, Siobhan and White, Ross and Liu, Ginger and Allen, Dawn and Zuluaga, Maria Isabel},
	year = {2024},
	month = {02},
	date = {2024-02-02},
	journal = {International Journal for Equity in Health},
	volume = {23},
	number = {1},
	doi = {10.1186/s12939-024-02106-6},
	url = {http://dx.doi.org/10.1186/s12939-024-02106-6},
	langid = {en}
}
